<record xmlns="http://www.loc.gov/MARC21/slim">
   <leader>04208cam a2200433 i 45 0</leader>
   <controlfield tag="001">6733375</controlfield>
   <controlfield tag="005">20141106020204.0</controlfield>
   <controlfield tag="008">140915s2015    nyu      b    001 0 eng  </controlfield>
   <datafield ind1=" " ind2=" " tag="010">
      <subfield code="a">  2014036095</subfield>
   </datafield>
   <datafield ind1=" " ind2=" " tag="020">
      <subfield code="a">9781462517893 (pbk. : alk. paper)</subfield>
   </datafield>
   <datafield ind1=" " ind2=" " tag="020">
      <subfield code="a">9781462517510 (hardcover : alk. paper)</subfield>
   </datafield>
   <datafield ind1=" " ind2=" " tag="040">
      <subfield code="a">DNLM/DLC</subfield>
      <subfield code="c">DLC</subfield>
      <subfield code="e">rda</subfield>
      <subfield code="d">AGPC</subfield>
   </datafield>
   <datafield ind1=" " ind2=" " tag="042">
      <subfield code="a">pcc</subfield>
   </datafield>
   <datafield ind1="0" ind2="0" tag="050">
      <subfield code="a">RC467</subfield>
   </datafield>
   <datafield ind1="1" ind2="0" tag="060">
      <subfield code="a">WM 105</subfield>
   </datafield>
   <datafield ind1="0" ind2="0" tag="082">
      <subfield code="a">616.89</subfield>
      <subfield code="2">23</subfield>
   </datafield>
   <datafield ind1=" " ind2=" " tag="090">
      <subfield code="a">RC 467 S35 2015</subfield>
      <subfield code="b">AGPC</subfield>
   </datafield>
   <datafield ind1="0" ind2="0" tag="245">
      <subfield code="a">Science and pseudoscience in clinical psychology /</subfield>
      <subfield code="c">edited by Scott O. Lilienfeld, Steven Jay Lynn, Jeffrey M. Lohr ; foreword by Carol Tavris.</subfield>
   </datafield>
   <datafield ind1=" " ind2=" " tag="250">
      <subfield code="a">Second edition.</subfield>
   </datafield>
   <datafield ind1=" " ind2="1" tag="264">
      <subfield code="a">New York :</subfield>
      <subfield code="b">Guilford Press,</subfield>
      <subfield code="c">[2015]</subfield>
   </datafield>
   <datafield ind1=" " ind2="4" tag="264">
      <subfield code="c">©2015.</subfield>
   </datafield>
   <datafield ind1=" " ind2=" " tag="300">
      <subfield code="a">xxvii, 548 pages ;</subfield>
      <subfield code="c">24 cm</subfield>
   </datafield>
   <datafield ind1=" " ind2=" " tag="336">
      <subfield code="a">text</subfield>
      <subfield code="2">rdacontent</subfield>
   </datafield>
   <datafield ind1=" " ind2=" " tag="337">
      <subfield code="a">unmediated</subfield>
      <subfield code="2">rdamedia</subfield>
   </datafield>
   <datafield ind1=" " ind2=" " tag="338">
      <subfield code="a">volume</subfield>
      <subfield code="2">rdacarrier</subfield>
   </datafield>
   <datafield ind1=" " ind2=" " tag="504">
      <subfield code="a">Includes bibliographical references and index.</subfield>
   </datafield>
   <datafield ind1=" " ind2=" " tag="520">
      <subfield code="a">Science and pseudoscience in clinical psychology: initial thoughts, reflections, and considerations / Scott O. Lilienfeld, Steven Jay Lynn, and Jeffrey M. Lohr -- pt. 1. Controversies in assessment and diagnosis. Understanding why some clinicians use pseudoscientific methods: findings from research on clinical judgment / Howard N. Garb and Patricia A. Boyle -- Controversial and questionable assessment techniques / John Hunsley, Catherine M. Lee, James M. Wood and Whitney Taylor -- The science and pseudoscience of expert testimony / Joseph T. McCann, Steven Jay Lynn, Scott O. Lilienfeld, Kelley L. Shindler, and Tammy R. Hammond -- Dissociative identity disorder: a contemporary scientific perspective / Scott O. Lilienfeld and Steven Jay Lynn -- pt. 2. Overarching controversies in psychological treatment. The science of psychotherapy: developing, testing, and promoting evidence-based treatments / Brandon A. Gaudiano, Kristy L. Dalrymple, Lauren M. Weinstock, and Jeffrey M. Lohr -- New age and related novel unsupported therapies in mental health practice / Monica Pignotti and Bruce a. Thyer -- Constructing the past: problematic memory recovery techniques in psychotherapy / Steven Jay Lynn, Elisa Krackow, Elizabeth F. Loftus, Timothy G. Locke, and Scott O. Lilienfeld -- Self-help therapy: recent developments in the science and business of giving psychology away / Gerald M. Rosen, Russell E. Glasgow, Timothy E. Moore, and Manuel Barrera Jr. -- pt. 3. Controversies in the treatment of adult disorders. Science- and non-science-based treatments for trauma-related stress disorders / Jeffrey M. Lohr, Richard Gist, Brett Deacon, Grant J. Devilly, and Tracey Varker -- Controversial treatments for alchol use disorders / James MacKillop and Joshua C. Gray -- Herbal treatments and antidepressant medication: similar data, divergent conclusions / Harald Walach and Irving Kirsch -- pt. 4. Controversies in the treatment of child and adolescent disorders. Empirically supported, promising, and unsupported treatments for Attention-Deficit/Hyperactivity Disorder / Daniel A. Waschbusch and James G. Waxmonsky -- The status of treatment for Autism Spectrum Disorders: the weak realtionship of science to interventions  / Raymond G. Romanczyk, Laura B. Turner, Melina Sevlever, and Jennifer M. Gillis -- Attachment therapy / Jean Mercer -- Antisocial behavior of children and adolescents: harmful treatments, effective interventions, and novel strategies / Anthony Petrosino, Pamela MacDougall, Meghan E. Hollis-Peel, Trevor A. Fronius, and Sarah Guckenberg -- Science and pseudoscience in clinical psychology: concluding thoughts and constructive remedies / Scott O. Lilienfeld, Steven Jay Lynn, and Jeffrey M. Lohr.</subfield>
   </datafield>
   <datafield ind1=" " ind2="0" tag="650">
      <subfield code="a">Psychotherapy.</subfield>
   </datafield>
   <datafield ind1=" " ind2="0" tag="650">
      <subfield code="a">Medical misconceptions.</subfield>
   </datafield>
   <datafield ind1=" " ind2="0" tag="650">
      <subfield code="a">Psychiatry</subfield>
      <subfield code="x">Research.</subfield>
   </datafield>
   <datafield ind1=" " ind2="0" tag="650">
      <subfield code="a">Clinical psychology.</subfield>
   </datafield>
   <datafield ind1="1" ind2="2" tag="650">
      <subfield code="a">Psychology, Clinical</subfield>
      <subfield code="x">methods.</subfield>
   </datafield>
   <datafield ind1="2" ind2="2" tag="650">
      <subfield code="a">Psychotherapy</subfield>
      <subfield code="x">methods.</subfield>
   </datafield>
   <datafield ind1="2" ind2="2" tag="650">
      <subfield code="a">Research.</subfield>
   </datafield>
   <datafield ind1="1" ind2=" " tag="700">
      <subfield code="a">Lilienfeld, Scott O.,</subfield>
      <subfield code="d">1960- ,</subfield>
      <subfield code="e">editor.</subfield>
   </datafield>
   <datafield ind1="1" ind2=" " tag="700">
      <subfield code="a">Lynn, Steven J.,</subfield>
      <subfield code="e">editor.</subfield>
   </datafield>
   <datafield ind1="1" ind2=" " tag="700">
      <subfield code="a">Lohr, Jeffrey M.,</subfield>
      <subfield code="e">editor.</subfield>
   </datafield>
   <datafield ind1=" " ind2=" " tag="596">
      <subfield code="a">28</subfield>
   </datafield>
   <datafield ind1=" " ind2=" " tag="926">
      <subfield code="a">RC 467 S35 2015</subfield>
      <subfield code="w">LC</subfield>
      <subfield code="c">1</subfield>
      <subfield code="i">31847001269999</subfield>
      <subfield code="d">2/23/2017</subfield>
      <subfield code="e">1/23/2016</subfield>
      <subfield code="l">ON_SHELF</subfield>
      <subfield code="m">GPRC_GP</subfield>
      <subfield code="n">6</subfield>
      <subfield code="p">$150.00</subfield>
      <subfield code="q">2</subfield>
      <subfield code="r">Y</subfield>
      <subfield code="s">Y</subfield>
      <subfield code="t">BOOK</subfield>
      <subfield code="u">11/7/2014</subfield>
   </datafield>
</record>
